<record><leader>00000cas a2200000 a 4500</leader><controlfield tag="001">9307158</controlfield><controlfield tag="008">830314d18691903ilucr ne      0   a0eng  </controlfield><datafield ind1=" " ind2=" " tag="010"><subfield code="a">sn 82016384 </subfield></datafield><datafield ind1=" " ind2=" " tag="040"><subfield code="a">DLC</subfield><subfield code="b">eng</subfield><subfield code="c">DLC</subfield><subfield code="d">NPX</subfield><subfield code="d">DLC</subfield><subfield code="d">NYS</subfield><subfield code="d">NVF</subfield><subfield code="d">OCLCQ</subfield><subfield code="d">CVF</subfield><subfield code="d">NVF</subfield><subfield code="d">OCLCO</subfield><subfield code="d">OCLCF</subfield><subfield code="d">NVF</subfield></datafield><datafield ind1=" " ind2=" " tag="042"><subfield code="a">pcc</subfield></datafield><datafield ind1=" " ind2=" " tag="043"><subfield code="a">n-us-il</subfield></datafield><datafield ind1="0" ind2="0" tag="050"><subfield code="a">Newspaper 7574-X</subfield></datafield><datafield ind1="0" ind2=" " tag="130"><subfield code="a">Aurora beacon (Aurora, Ill. : Semiweekly)</subfield></datafield><datafield ind1="1" ind2="4" tag="245"><subfield code="a">The Aurora beacon.</subfield></datafield><datafield ind1="1" ind2="3" tag="246"><subfield code="a">Aurora semi-weekly beacon</subfield></datafield><datafield ind1="3" ind2=" " tag="246"><subfield code="a">Aurora semi weekly beacon</subfield></datafield><datafield ind1="3" ind2=" " tag="246"><subfield code="a">Aurora semiweekly beacon</subfield></datafield><datafield ind1=" " ind2=" " tag="260"><subfield code="a">Aurora, Ill. :</subfield><subfield code="b">Knickerbocker &amp; Hodder,</subfield><subfield code="c">1869-1903.</subfield></datafield><datafield ind1=" " ind2=" " tag="300"><subfield code="a">v.</subfield></datafield><datafield ind1=" " ind2=" " tag="310"><subfield code="a">Semiweekly</subfield></datafield><datafield ind1="0" ind2=" " tag="362"><subfield code="a">Vol. 22, no. 31 (Aug. 5, 1869)- = whole no. 1144-v. 57, no. 9 (Jan. 31, 1903).</subfield></datafield><datafield ind1=" " ind2=" " tag="500"><subfield code="a">"Semi-weekly" appears in the masthead ornament, &lt;Feb. 2, 1870&gt;-&lt;Jan. 31, 1903&gt;</subfield></datafield><datafield ind1=" " ind2=" " tag="515"><subfield code="a">Continues the numbering of Aurora beacon (Aurora, Ill. : 1858)</subfield></datafield><datafield ind1=" " ind2=" " tag="580"><subfield code="a">Weekly ed.: Aurora weekly beacon (Aurora, Ill. : 1870), &lt;1870&gt;-&lt;1876&gt;</subfield></datafield><datafield ind1=" " ind2=" " tag="580"><subfield code="a">Daily ed.: Aurora daily beacon (Aurora, Ill. : 1891), 1891-&lt;1903&gt;</subfield></datafield><datafield ind1=" " ind2="0" tag="651"><subfield code="a">Aurora (Ill.)</subfield><subfield code="v">Newspapers.</subfield></datafield><datafield ind1=" " ind2="7" tag="651"><subfield code="a">Illinois</subfield><subfield code="z">Aurora.</subfield><subfield code="2">fast</subfield><subfield code="0">(OCoLC)fst01217071</subfield></datafield><datafield ind1=" " ind2="7" tag="655"><subfield code="a">Newspapers.</subfield><subfield code="2">fast</subfield><subfield code="0">(OCoLC)fst01423814</subfield></datafield><datafield ind1=" " ind2=" " tag="752"><subfield code="a">United States</subfield><subfield code="b">Illinois</subfield><subfield code="c">Kane</subfield><subfield code="d">Aurora.</subfield></datafield><datafield ind1="1" ind2=" " tag="775"><subfield code="t">Aurora weekly beacon (Aurora, Ill. : 1870)</subfield><subfield code="w">(DLC)sn 85025701</subfield><subfield code="w">(OCoLC)11871955</subfield></datafield><datafield ind1="1" ind2=" " tag="775"><subfield code="t">Aurora daily beacon (Aurora, Ill. : 1891)</subfield><subfield code="w">(DLC)sn 94054601</subfield><subfield code="w">(OCoLC)29648303</subfield></datafield><datafield ind1="1" ind2=" " tag="029"><subfield code="a">AU@</subfield><subfield code="b">000025394437</subfield></datafield></record>